@Article{PracticalExample,
       title = "SATソルバを参考にした行列のフルランク性の判定手法",
       author = "町出 智也 and 薗部 知大",
       journal = "人工知能学会全国大会論文集",
       publisher = "一般社団法人 人工知能学会",
       year = 2018,
}

@Article{Cook,
       title = "The complexity of theorem-proving procedures",
       author = "Stephen A Cook",
       journal = "STOC '71: Proceedings of the third annual ACM symposium on Theory of computing",
       pages = "151--158",
       year = 1971,
}

@Article{MINISAT,
       title = "An Extemsible SAT-solver",
       author = "N.E{\'e}n and N.S{\"o}rensson",
       journal = "Internationnal conference on theory and applications of satisfiability testing",
       pages = "502--518",
       year = 2003,
}

@Article{Chaff,
       title = "Chaff: engineering an efficient SAT solver",
       author = "Moskewicz, M. W. and Madigan, C. F. and Zhao, Y. and Zhang, L. and Malik, S.",
       journal = "Proceedings of the 38th Design Automation Conference",
       pages = "530--535",
       year = 2001,
}

@Article{glucose,
       title = "Predicting Learnt Clauses Quality in Modern SAT Solver",
       author = "G. Audemard and L. Simon",
       journal = "IJCAI-09",
       pages = "399--404",
       year = 2009,
}

@Article{BerkMin,
       title = "BerkMin: A Fast and Robust SAT-Solver",
       author = "Goldberg, E. and Novikov, Y.",
       journal = "Discrete Applied Mathematics",
       volume = 155,
       number = 12,
       pages = "1549--1561",
       year = 2007,
}

@Article{kissat,
       title = "CaDiCaL, Gimsatul, IsaSAT and Kissat Entering the SAT Competition 2024",
       author = "Marijn Heule and Markus Iser and Matti Järvisalo and Martin Suda",
       journal = "Department of Computer Science Report Series B",
       volume = "B-2024-1",
       pages = "8--11",
       publisher = "University of Helsinki",
       year = 2024,
}

@Article{neuralnet-vs-random-VSIDS,
       title = "Guiding High-Performance SAT Solvers with Unsat-Core Predictions",
       author = "Daniel Selsam and Nikolaj Bj{\o}rner",
       journal = "International Conference on Theory and Applications of Satisfiability Testing",
       page = "336--353",
       year = 2019,
}

@Article{DPLL,
       title = "A Machine Program for Theorem Proving",
       author = "Davis, M. and Logemann, G. and  and Loveland, D.",
       journal = "A Machine Program for Theorem Proving",
       publisher = "Communications of the ACM",
       volume = 5,
       number = 7,
       page = "394--397",
       year = 1962,
}

@Article{CDCL,
       title = "GRASP: A search algorithm for propositional satisfiability",
       author = "Marques-Silva, Jo ̃ao P. and Karem A. Sakallah",
       journal = "IEEE Transactions on Computers",
       volume = 48,
       number = 5,
       page = "506--521",
       year = 1999,
}

@Article{pigeonhole,
       title = "Toward the shortest DRAT proof of the pigeonhole principle",
       author = "I. Grosof and N. Zhang and M. J. H. Heule",
       journal = "Pragmatics of SAT",
       year = 2022,
}

@Article{GA,
       title = "遺伝的アルゴリズムハンドブック",
       author = "L.デービス編",
       publisher = "森北出版株式会社",
       year = 1994,
}

@Article{DRAT,
       title = "DRAT-trim: Efficient checking and trimming using expressive clausal proofs",
       author = "Nathan Wetzler and Marijn JH Heule and Warren A Hunt",
       journal = "International Conference on Theory and Applications of Satisfiability Testing",
       page = "422--429",
       year = 2014,
}

@PhDThesis{proof,
       title = "On the Lengths of Proofs in the Propo- sitional Calculus",
       author = "Robert A. Reckhow",
       school = "University of Toronto",
       year = 1975,
}